<mx:record xmlns="http://www.w3.org/TR/xhtml1/strict" xmlns:mx="http://www.loc.gov/MARC21/slim" xmlns:xsi="http://www.w3.org/2001/XMLSchema-instance"><mx:leader>00000cz   2200000n  4500</mx:leader><mx:controlfield tag="001">oca03937376 </mx:controlfield><mx:controlfield tag="005">20001104071315.0</mx:controlfield><mx:controlfield tag="008">950912n| acannaabn          |a aaa     c</mx:controlfield><mx:datafield ind1=" " ind2=" " tag="010"><mx:subfield code="a">nr 95033453</mx:subfield></mx:datafield><mx:datafield ind1=" " ind2=" " tag="040"><mx:subfield code="a">NNC</mx:subfield><mx:subfield code="b">eng</mx:subfield><mx:subfield code="c">NNC</mx:subfield><mx:subfield code="d">OCoLC</mx:subfield></mx:datafield><mx:datafield ind1="1" ind2=" " tag="100"><mx:subfield code="a">Brutus, M. Junius</mx:subfield><mx:subfield code="q">(Marcus Junius),</mx:subfield><mx:subfield code="d">fl. 146-136 B.C.</mx:subfield></mx:datafield><mx:datafield ind1="1" ind2=" " tag="400"><mx:subfield code="a">Brutus, M. Iunius</mx:subfield><mx:subfield code="q">(Marcus Iunius),</mx:subfield><mx:subfield code="d">fl. 146-136 B.C.</mx:subfield></mx:datafield><mx:datafield ind1="1" ind2=" " tag="400"><mx:subfield code="a">Brutus, Marcus Junius,</mx:subfield><mx:subfield code="d">fl. 146-136 B.C.</mx:subfield></mx:datafield><mx:datafield ind1="1" ind2=" " tag="400"><mx:subfield code="a">Junius Brutus, M.</mx:subfield><mx:subfield code="q">(Marcus),</mx:subfield><mx:subfield code="d">fl. 146-136 B.C.</mx:subfield></mx:datafield><mx:datafield ind1="1" ind2=" " tag="400"><mx:subfield code="a">Junius Brutus, Marcus,</mx:subfield><mx:subfield code="d">fl. 146-136 B.C.</mx:subfield></mx:datafield><mx:datafield ind1="1" ind2=" " tag="400"><mx:subfield code="a">Iunius Brutus, Marcus,</mx:subfield><mx:subfield code="d">fl. 146-136 B.C.</mx:subfield></mx:datafield><mx:datafield ind1="0" ind2=" " tag="400"><mx:subfield code="a">M. Iunius Brutus</mx:subfield><mx:subfield code="q">(Marcus Iunius Brutus),</mx:subfield><mx:subfield code="d">fl. 146-136 B.C.</mx:subfield></mx:datafield><mx:datafield ind1="0" ind2=" " tag="400"><mx:subfield code="a">M. Junius Brutus</mx:subfield><mx:subfield code="q">(Marcus Junius Brutus),</mx:subfield><mx:subfield code="d">fl. 146-136 B.C.</mx:subfield></mx:datafield><mx:datafield ind1=" " ind2=" " tag="670"><mx:subfield code="a">His Iurisprudentia, 1991:</mx:subfield><mx:subfield code="b">PHI CD ROM #5.3, Latin Canon, bibliographic screen (M. Iunius Brutus [iur.])</mx:subfield></mx:datafield><mx:datafield ind1=" " ind2=" " tag="670"><mx:subfield code="a">Pauly-Wissowa:</mx:subfield><mx:subfield code="b">19. Halbbd., col. 971; &amp;#034;Iunius&amp;#034;, #49 (M. Iunius Brutus; possibly son of the consul (178 B.C.) of the same name; possibly the curial aedile of 146 B.C.; mentioned in 136 B.C.; one of the founders of Roman Civil law)</mx:subfield></mx:datafield><mx:datafield ind1=" " ind2=" " tag="670"><mx:subfield code="a">Dict. of Greek and Roman biog. and mythology, 1967:</mx:subfield><mx:subfield code="b">v.1, p. 509; &amp;#034;Brutus&amp;#034;, #13 (M. Junius Brutus; eminent Roman jurist; cited by Pomponius as a founder of the civil law)</mx:subfield></mx:datafield><mx:datafield ind1=" " ind2=" " tag="670"><mx:subfield code="a">Encyc. Brit., 1973:</mx:subfield><mx:subfield code="b">v. 4, p. 316 (Marcus Junius Brutus; praetor c. 140 B.C.; a jurist considered by Cicero to be one of the founders of Roman civil law)</mx:subfield></mx:datafield><mx:datafield ind1=" " ind2=" " tag="675"><mx:subfield code="a">NUC pre-56;</mx:subfield><mx:subfield code="a">Oxford class. dict.</mx:subfield></mx:datafield></mx:record>